<?xml version="1.0" encoding="utf-8"?>
<record xmlns="http://www.loc.gov/MARC21/slim" xmlns:xsi="http://www.w3.org/2001/XMLSchema-instance" xsi:schemaLocation="http://www.loc.gov/MARC21/slim http://www.loc.gov/standards/marcxml/schema/MARC21slim.xsd">
	<leader>     nam a22     Mi 4500</leader>
	<controlfield tag="001">b12362748</controlfield>
	<controlfield tag="003">LeBAU</controlfield>
	<controlfield tag="006">m        d        </controlfield>
	<controlfield tag="007">cr cn |||m|||a</controlfield>
	<controlfield tag="008">181218s1923    ua af   ob    ||0 0bara d</controlfield>
	<datafield ind1=" " ind2=" " tag="040">
		<subfield code="a">ZYU</subfield>
		<subfield code="b">ara</subfield>
		<subfield code="e">rda</subfield>
		<subfield code="c">ZYU</subfield>
	</datafield>
	<datafield ind1="1" ind2=" " tag="041">
		<subfield code="a">ara</subfield>
		<subfield code="h">eng</subfield>
	</datafield>
	<datafield ind1="0" ind2="4" tag="082">
		<subfield code="a">189.3</subfield>
		<subfield code="2">22</subfield>
	</datafield>
	<datafield ind1="1" ind2=" " tag="100">
		<subfield code="6">880-01</subfield>
		<subfield code="a">Zwemer, Samuel Marinus,</subfield>
		<subfield code="d">1867-1952,</subfield>
		<subfield code="e">author.</subfield>
	</datafield>
	<datafield ind1="1" ind2="0" tag="240">
		<subfield code="a">Moslem seeker after God.</subfield>
		<subfield code="l">Arabic</subfield>
	</datafield>
	<datafield ind1="1" ind2="0" tag="245">
		<subfield code="6">880-02</subfield>
		<subfield code="a">Kitāb al-ghawwāṣ wa-al-laʼāliʼ, aw, Tarjamat ḥayāt ḥujjat al-Islām al-Ghazālī /</subfield>
		<subfield code="c">allafahu al-mustashriq al-baḥḥāthah al-Duktūr Zwīmir bi-al-lughah al-Inklīzīyah ; [taqdīm] ʻAbd al-Fādī al-Qāhirānī.</subfield>
	</datafield>
	<datafield ind1="3" ind2="0" tag="246">
		<subfield code="6">880-03</subfield>
		<subfield code="a">Ghawwāṣ wa-al-laʼāliʼ, aw, Tarjamat ḥayāt ḥujjat al-Islām al-Ghazālī</subfield>
	</datafield>
	<datafield ind1="3" ind2="0" tag="246">
		<subfield code="6">880-04</subfield>
		<subfield code="a">Tarjamat ḥayāt ḥujjat al-Islām al-Ghazālī</subfield>
	</datafield>
	<datafield ind1="1" ind2=" " tag="246">
		<subfield code="6">880-05</subfield>
		<subfield code="i">Parallel title:</subfield>
		<subfield code="a">Ghazzali :</subfield>
		<subfield code="b">a Moslem seeker after God</subfield>
	</datafield>
	<datafield ind1=" " ind2=" " tag="250">
		<subfield code="6">880-06</subfield>
		<subfield code="a">al-Ṭabʻah  al-ʻArabīyah al-ūlá.</subfield>
	</datafield>
	<datafield ind1=" " ind2="1" tag="264">
		<subfield code="6">880-07</subfield>
		<subfield code="a">Miṣr :</subfield>
		<subfield code="b">Maṭbaʻat al-Nīl al-Masīḥīyah,</subfield>
		<subfield code="c">1923.</subfield>
	</datafield>
	<datafield ind1=" " ind2=" " tag="300">
		<subfield code="6">880-08</subfield>
		<subfield code="a">online resource (194 pages, 5 unnumbered leaves of plates) :</subfield>
		<subfield code="b">illustrations</subfield>
	</datafield>
	<datafield ind1=" " ind2=" " tag="336">
		<subfield code="a">text</subfield>
		<subfield code="2">rdacontent</subfield>
	</datafield>
	<datafield ind1=" " ind2=" " tag="337">
		<subfield code="a">computer</subfield>
		<subfield code="2">rdamedia</subfield>
	</datafield>
	<datafield ind1=" " ind2=" " tag="338">
		<subfield code="a">online resource</subfield>
		<subfield code="2">rdacarrier</subfield>
	</datafield>
	<datafield ind1=" " ind2=" " tag="500">
		<subfield code="a">Part of the Arabic Collections Online (ACO) project, contributed by American University of Beirut's Jafet Memorial Library.</subfield>
	</datafield>
	<datafield ind1=" " ind2=" " tag="504">
		<subfield code="a">يتضمن مراجع ببليوغرافية.</subfield>
	</datafield>
	<datafield ind1=" " ind2=" " tag="533">
		<subfield code="a">Electronic reproduction.</subfield>
		<subfield code="b">New York, N.Y. :</subfield>
		<subfield code="c">New York University,</subfield>
		<subfield code="d">2018.</subfield>
		<subfield code="5">NNU</subfield>
	</datafield>
	<datafield ind1="0" ind2="4" tag="600">
		<subfield code="a">الغزالي،</subfield>
		<subfield code="d">1058-1111.</subfield>
	</datafield>
	<datafield ind1="0" ind2="0" tag="600">
		<subfield code="a">Ghazzali,</subfield>
		<subfield code="d">1058-1111.</subfield>
	</datafield>
	<datafield ind1=" " ind2="4" tag="650">
		<subfield code="a">الفلاسفة المسلمون</subfield>
		<subfield code="z">الإمبراطورية الإسلامية</subfield>
		<subfield code="v">تراجم.</subfield>
	</datafield>
	<datafield ind1=" " ind2="4" tag="650">
		<subfield code="a">الفلسفة الإسلامية.</subfield>
	</datafield>
	<datafield ind1=" " ind2="0" tag="650">
		<subfield code="a">Muslim philosophers</subfield>
		<subfield code="z">Islamic Empire</subfield>
		<subfield code="v">Biography.</subfield>
	</datafield>
	<datafield ind1=" " ind2="0" tag="650">
		<subfield code="a">Islamic philosophy.</subfield>
	</datafield>
	<datafield ind1="1" ind2=" " tag="700">
		<subfield code="6">880-09</subfield>
		<subfield code="a">Qāhirānī, ʻAbd al-Fādī,</subfield>
		<subfield code="e">author of introduction.</subfield>
	</datafield>
	<datafield ind1="2" ind2=" " tag="710">
		<subfield code="a">Jafet Memorial Library.</subfield>
	</datafield>
	<datafield ind1="0" ind2=" " tag="730">
		<subfield code="a">Arabic Collections Online.</subfield>
	</datafield>
	<datafield ind1="0" ind2=" " tag="765">
		<subfield code="6">880-10</subfield>
		<subfield code="i">is translation of</subfield>
		<subfield code="4">http://rdaregistry.info/Elements/e/P20141:</subfield>
		<subfield code="t">A Moslem seeker after God : showing Islam at its best in the life and teaching of al-Ghazali, mystic and theologian of the eleventh century.</subfield>
		<subfield code="d">New York : Fleming H. Revell Co., [c1920]</subfield>
		<subfield code="w">(OCoLC)456549496</subfield>
		<subfield code="w">(OCoLC)456549496</subfield>
	</datafield>
	<datafield ind1="0" ind2="8" tag="776">
		<subfield code="i">Print version:</subfield>
		<subfield code="a">Zwemer, Samuel Marinus, 1867-1952, author.</subfield>
		<subfield code="t">Kitāb al-ghawwāṣ wa-al-laʼāliʼ, aw, Tarjamat ḥayāt ḥujjat al-Islām al-Ghazālī</subfield>
		<subfield code="w">(LeBAU)b12362748</subfield>
	</datafield>
	<datafield ind1="4" ind2="0" tag="856">
		<subfield code="u">http://hdl.handle.net/2333.1/1vhhmpx4</subfield>
	</datafield>
	<datafield ind1="1" ind2=" " tag="880">
		<subfield code="6">100-01</subfield>
		<subfield code="a">زويمر، صموئيل مارينوس،</subfield>
		<subfield code="d">1867-1952،</subfield>
		<subfield code="e">مؤلف. </subfield>
		<subfield code="4">aut.</subfield>
	</datafield>
	<datafield ind1="1" ind2="0" tag="880">
		<subfield code="6">245-02</subfield>
		<subfield code="a">كتاب الغواص واللآلىء، أو، ترجمة حياة حجة الإسلام الغزالي /</subfield>
		<subfield code="c">ألفه المستشرق البحاثة الدكتور زويمر باللغة الانكليزية ؛ [تقديم] عبد الفادي القاهراني.</subfield>
	</datafield>
	<datafield ind1="3" ind2="0" tag="880">
		<subfield code="6">246-03</subfield>
		<subfield code="a">الغواص واللآلىء، أو، ترجمة حياة حجة الإسلام الغزالي</subfield>
	</datafield>
	<datafield ind1="3" ind2="0" tag="880">
		<subfield code="6">246-04</subfield>
		<subfield code="a">ترجمة حياة حجة الإسلام الغزالي</subfield>
	</datafield>
	<datafield ind1="1" ind2=" " tag="880">
		<subfield code="6">246-05</subfield>
		<subfield code="i">عنوان موازي:</subfield>
		<subfield code="a">Ghazzali :</subfield>
		<subfield code="b">a Moslem seeker after God</subfield>
	</datafield>
	<datafield ind1=" " ind2=" " tag="880">
		<subfield code="6">250-06</subfield>
		<subfield code="a">الطبعة العربية الأولى.</subfield>
	</datafield>
	<datafield ind1=" " ind2="1" tag="880">
		<subfield code="6">264-07</subfield>
		<subfield code="a">مصر :</subfield>
		<subfield code="b">مطبعة النيل المسيحية،</subfield>
		<subfield code="c">1923.</subfield>
	</datafield>
	<datafield ind1=" " ind2=" " tag="880">
		<subfield code="6">300-08</subfield>
		<subfield code="a">194 صفحة، 5 ورقات لوحات غير مرقمة :</subfield>
		<subfield code="b">مصورات ؛</subfield>
		<subfield code="c">20 سم</subfield>
	</datafield>
	<datafield ind1="1" ind2=" " tag="880">
		<subfield code="6">700-09</subfield>
		<subfield code="a">القاهراني، عبد الفادي،</subfield>
		<subfield code="e">مؤلف مقدمة. </subfield>
		<subfield code="4">aui.</subfield>
	</datafield>
	<datafield ind1="0" ind2=" " tag="880">
		<subfield code="6">765-10</subfield>
		<subfield code="i">ترجمة كتاب</subfield>
		<subfield code="4">http://rdaregistry.info/Elements/e/P20141:</subfield>
		<subfield code="t">A Moslem seeker after God : showing Islam at its best in the life and teaching of al-Ghazali, mystic and theologian of the eleventh century.</subfield>
		<subfield code="d">New York : Fleming H. Revell Co., [c1920]</subfield>
		<subfield code="w">b11436335</subfield>
		<subfield code="w">(OCoLC)456549496</subfield>
	</datafield>
	<datafield ind1=" " ind2=" " tag="959">
		<subfield code="a">NNU</subfield>
		<subfield code="b">WEB</subfield>
		<subfield code="c">GENI</subfield>
		<subfield code="t">0</subfield>
		<subfield code="m">Electronic access</subfield>
		<subfield code="s">01</subfield>
	</datafield>
	<datafield ind1=" " ind2=" " tag="999">
		<subfield code="i">LeBAU_b12362748</subfield>
		<subfield code="s">aub_aco002212</subfield>
		<subfield code="e">(ERROR-880)(ERROR-MISC)</subfield>
	</datafield>
</record>
